<record><leader>00000cas a22000007a 4500</leader><controlfield tag="001">9934173</controlfield><controlfield tag="008">830922d18911905txuwr ne      0   a0eng d</controlfield><controlfield tag="009">3770</controlfield><datafield ind1=" " ind2=" " tag="010"><subfield code="a">sn 83026376 </subfield><subfield code="z">sn 83026374 </subfield></datafield><datafield ind1=" " ind2=" " tag="040"><subfield code="a">NPV</subfield><subfield code="b">eng</subfield><subfield code="c">NPV</subfield><subfield code="d">PPM</subfield><subfield code="d">OCL</subfield><subfield code="d">CRL</subfield><subfield code="d">WIH</subfield><subfield code="d">OCLCF</subfield></datafield><datafield ind1=" " ind2=" " tag="019"><subfield code="a">9905918</subfield></datafield><datafield ind1="1" ind2=" " tag="029"><subfield code="a">AU@</subfield><subfield code="b">000020416866</subfield></datafield><datafield ind1=" " ind2=" " tag="042"><subfield code="a">msc</subfield></datafield><datafield ind1=" " ind2=" " tag="043"><subfield code="a">n-us-tx</subfield></datafield><datafield ind1="0" ind2=" " tag="130"><subfield code="a">Southern Mercury (Dallas, Tex. : 1891)</subfield></datafield><datafield ind1="0" ind2="4" tag="245"><subfield code="a">The southern Mercury.</subfield></datafield><datafield ind1="0" ind2="3" tag="246"><subfield code="a">Southern mercury and Texas advance</subfield></datafield><datafield ind1=" " ind2=" " tag="260"><subfield code="a">Dallas, Tex. :</subfield><subfield code="b">Farmers' State Alliance Pub. Co.,</subfield><subfield code="c">1891-1905.</subfield></datafield><datafield ind1=" " ind2=" " tag="300"><subfield code="a">v. :</subfield><subfield code="b">ill. (chiefly adv.)</subfield></datafield><datafield ind1=" " ind2=" " tag="310"><subfield code="a">Weekly</subfield></datafield><datafield ind1="0" ind2=" " tag="362"><subfield code="a">Vol. 10, no. 22 (May 28, 1891)-v. 25, no. 17.</subfield></datafield><datafield ind1=" " ind2=" " tag="500"><subfield code="a">"The Texas Populists' State Paper."</subfield></datafield><datafield ind1=" " ind2=" " tag="515"><subfield code="a">Issues for May 28, 1891-&lt;Dec. 29, 1892&gt; called also: whole no. 474-&lt;555&gt;</subfield></datafield><datafield ind1=" " ind2=" " tag="530"><subfield code="a">Also available on microfilm from UMI.</subfield></datafield><datafield ind1=" " ind2=" " tag="550"><subfield code="a">Official journal of the Farmers' State Alliance of Texas.</subfield></datafield><datafield ind1=" " ind2=" " tag="550"><subfield code="a">Official organ of the Texas Farmers' Alliance and Industrial Union, May 28, 1891-Sept. 8, 1892.</subfield></datafield><datafield ind1=" " ind2=" " tag="500"><subfield code="a">Editor: Milton Park.</subfield></datafield><datafield ind1=" " ind2=" " tag="580"><subfield code="a">Merged with: The Farmer's union password, to form: Southern mercury united with farmer's union password.</subfield></datafield><datafield ind1=" " ind2="0" tag="651"><subfield code="a">Dallas (Tex.)</subfield><subfield code="v">Newspapers.</subfield></datafield><datafield ind1=" " ind2="7" tag="655"><subfield code="a">Newspapers.</subfield><subfield code="2">fast</subfield><subfield code="0">(OCoLC)fst01423814</subfield></datafield><datafield ind1=" " ind2="7" tag="651"><subfield code="a">Texas</subfield><subfield code="z">Dallas.</subfield><subfield code="2">fast</subfield><subfield code="0">(OCoLC)fst01204635</subfield></datafield><datafield ind1="1" ind2=" " tag="700"><subfield code="a">Park, Milton.</subfield></datafield><datafield ind1="2" ind2=" " tag="710"><subfield code="a">Grand State Farmers' Alliance of Texas.</subfield></datafield><datafield ind1="2" ind2=" " tag="710"><subfield code="a">Texas Farmers' Alliance and Industrial Union.</subfield></datafield><datafield ind1=" " ind2=" " tag="752"><subfield code="a">United States</subfield><subfield code="b">Texas</subfield><subfield code="c">Dallas</subfield><subfield code="d">Dallas.</subfield></datafield><datafield ind1="0" ind2="0" tag="780"><subfield code="t">Southern Mercury, Texas Farmer's Alliance advocate</subfield><subfield code="w">(DLC)sn 83026372</subfield><subfield code="w">(OCoLC)9897955</subfield></datafield><datafield ind1="1" ind2="5" tag="780"><subfield code="t">Advance (Dallas, Tex. : 1893)</subfield><subfield code="w">(DLC)sn 86088750</subfield></datafield><datafield ind1="1" ind2="7" tag="785"><subfield code="t">Farmer's union password</subfield></datafield><datafield ind1="1" ind2="7" tag="785"><subfield code="t">Southern mercury united with farmer's union password</subfield><subfield code="w">(DLC)sn 83026370</subfield></datafield></record>